@article{Mobs:2684277,
      author        = "Mobs, Esma",
      title         = "{The CERN accelerator complex - 2019. Complexe des
                       accélérateurs du CERN - 2019}",
      month         = "Jul",
      year          = "2019",
      url           = "https://cds.cern.ch/record/2684277",
      note          = "General Photo",
}

@article{Evans_2008,
	doi = {10.1088/1748-0221/3/08/s08001},
	url = {https://doi.org/10.1088/1748-0221/3/08/s08001},
	year = 2008,
	month = {aug},
	publisher = {{IOP} Publishing},
	volume = {3},
	number = {08},
	pages = {S08001--S08001},
	author = {Lyndon Evans and Philip Bryant},
	title = {{LHC} Machine},
	journal = {Journal of Instrumentation},
	abstract = {The Large Hadron Collider (LHC) at CERN near Geneva is the world's newest and most powerful tool for Particle Physics research. It is designed to collide proton beams with a centre-of-mass energy of 14 TeV and an unprecedented luminosity of 1034 cm−2 s−1. It can also collide heavy (Pb) ions with an energy of 2.8 TeV per nucleon and a peak luminosity of 1027 cm−2 s−1. In this paper, the machine design is described.}
}

@book{Aberle:2749422,
      author        = "Aberle, O. and others",
      title         = "{High-Luminosity Large Hadron Collider (HL-LHC): Technical
                       design report}",
      publisher     = "CERN",
      address       = "Geneva",
      series        = "CERN Yellow Reports: Monographs",
      year          = "2020",
      url           = "https://cds.cern.ch/record/2749422",
      doi           = "10.23731/CYRM-2020-0010",
}

@article{ATLAS:2008xda,
    author = "Aad, G. and others",
    collaboration = "ATLAS",
    title = "{The ATLAS Experiment at the CERN Large Hadron Collider}",
    doi = "10.1088/1748-0221/3/08/S08003",
    journal = "JINST",
    volume = "3",
    pages = "S08003",
    year = "2008"
}

@article{ALICE:2008ngc,
    author = "Aamodt, K. and others",
    collaboration = "ALICE",
    title = "{The ALICE experiment at the CERN LHC}",
    doi = "10.1088/1748-0221/3/08/S08002",
    journal = "JINST",
    volume = "3",
    pages = "S08002",
    year = "2008"
}

@article{CMS:2008xjf,
    author = "Chatrchyan, S. and others",
    collaboration = "CMS",
    title = "{The CMS Experiment at the CERN LHC}",
    doi = "10.1088/1748-0221/3/08/S08004",
    journal = "JINST",
    volume = "3",
    pages = "S08004",
    year = "2008"
}

@article{LHCb:2008vvz,
    author = "Alves, Jr., A. Augusto and others",
    collaboration = "LHCb",
    title = "{The LHCb Detector at the LHC}",
    reportNumber = "LHCb-DP-2008-001",
    doi = "10.1088/1748-0221/3/08/S08005",
    journal = "JINST",
    volume = "3",
    pages = "S08005",
    year = "2008"
}

@article{Sakuma:2665537,
      author        = "Sakuma, Tai",
      title         = "{Cutaway diagrams of CMS detector}",
      collaboration = "CMS Collaboration",
      month         = "May",
      year          = "2019",
      url           = "https://cds.cern.ch/record/2665537",
}

@techreport{Dominguez:1481838,
      author        = "Dominguez, A and Abbaneo, D and Arndt, K and Bacchetta, N
                       and Ball, A and Bartz, E and Bertl, W and Bilei, G M and
                       Bolla, G and Cheung, H W K and Chertok, M and Costa, S and
                       Demaria, N and Daniel Dominguez Vazquez and Ecklund, K and
                       Erdmann, W and Gill, K and Hall, G and Harder, K and
                       Hartmann, F and Horisberger, R and Johns, W and Kaestli, H
                       C and Klein, K and Kotlinski, D and Kwan, S and Pesaresi, M
                       and Postema, H and Rohe, T and Schäfer, C and Starodumov,
                       A and Streuli, S and Tricomi, A and Tropea, P and Troska, J
                       and Vasey, F and Zeuner, W",
      editor        = "Dominguez, A",
      title         = "{CMS Technical Design Report for the Pixel Detector
                       Upgrade}",
      reportNumber  = "CERN-LHCC-2012-016, CMS-TDR-11",
      month         = "Sep",
      year          = "2012",
      url           = "https://cds.cern.ch/record/1481838",
      note          = "Additional contacts: Jeffrey Spalding, Fermilab,
                       Jeffrey.Spalding@cern.ch Didier Contardo, Universite Claude
                       Bernard-Lyon I, didier.claude.contardo@cern.ch",
}

@techreport{CERN-LHCC-2017-012,
      author        = "{CMS Collaboration}",
      collaboration = "CMS",
      title         = "{The Phase-2 Upgrade of the CMS Muon Detectors}",
      institution   = "CERN",
      reportNumber  = "CERN-LHCC-2017-012, CMS-TDR-016",
      address       = "Geneva",
      year          = "2017",
      url           = "http://cds.cern.ch/record/2283189",
      note          = "This is the final version, approved by the LHCC.",
}

@article{CMS:2020cmk,
    author = "Sirunyan, Albert M and others",
    collaboration = "CMS",
    title = "{Performance of the CMS Level-1 trigger in proton-proton collisions at $\sqrt{s} =$ 13 TeV}",
    eprint = "2006.10165",
    archivePrefix = "arXiv",
    primaryClass = "hep-ex",
    reportNumber = "CMS-TRG-17-001, CERN-EP-2020-065",
    doi = "10.1088/1748-0221/15/10/P10017",
    journal = "JINST",
    volume = "15",
    number = "10",
    pages = "P10017",
    year = "2020"
}

@article{CMS:2017yfk,
    author = "Sirunyan, A. M. and others",
    collaboration = "CMS",
    title = "{Particle-flow reconstruction and global event description with the CMS detector}",
    eprint = "1706.04965",
    archivePrefix = "arXiv",
    primaryClass = "physics.ins-det",
    reportNumber = "CMS-PRF-14-001, CERN-EP-2017-110",
    doi = "10.1088/1748-0221/12/10/P10003",
    journal = "JINST",
    volume = "12",
    number = "10",
    pages = "P10003",
    year = "2017"
}

@article{ALEPH:1994ayc,
    author = "Buskulic, D. and others",
    collaboration = "ALEPH",
    title = "{Performance of the ALEPH detector at LEP}",
    reportNumber = "CERN-PPE-94-170, FSU-SCRI-95-70",
    doi = "10.1016/0168-9002(95)00138-7",
    journal = "Nucl. Instrum. Meth. A",
    volume = "360",
    pages = "481--506",
    year = "1995"
}

@article{Pontecorvo:1957cp,
    author = "Pontecorvo, B.",
    title = "{Mesonium and anti-mesonium}",
    journal = "Sov. Phys. JETP",
    volume = "6",
    pages = "429",
    year = "1957"
}

@article{Pontecorvo:1967fh,
    author = "Pontecorvo, B.",
    title = "{Neutrino Experiments and the Problem of Conservation of Leptonic Charge}",
    journal = "Zh. Eksp. Teor. Fiz.",
    volume = "53",
    pages = "1717--1725",
    year = "1967"
}

@article{PhysRevLett.81.1562,
  title = {Evidence for Oscillation of Atmospheric Neutrinos},
  author = {Fukuda, Y. and Hayakawa, T. and Ichihara, E. and Inoue, K. and Ishihara, K. and Ishino, H. and Itow, Y. and Kajita, T. and Kameda, J. and Kasuga, S. and Kobayashi, K. and Kobayashi, Y. and Koshio, Y. and Miura, M. and Nakahata, M. and Nakayama, S. and Okada, A. and Okumura, K. and Sakurai, N. and Shiozawa, M. and Suzuki, Y. and Takeuchi, Y. and Totsuka, Y. and Yamada, S. and Earl, M. and Habig, A. and Kearns, E. and Messier, M. D. and Scholberg, K. and Stone, J. L. and Sulak, L. R. and Walter, C. W. and Goldhaber, M. and Barszczxak, T. and Casper, D. and Gajewski, W. and Halverson, P. G. and Hsu, J. and Kropp, W. R. and Price, L. R. and Reines, F. and Smy, M. and Sobel, H. W. and Vagins, M. R. and Ganezer, K. S. and Keig, W. E. and Ellsworth, R. W. and Tasaka, S. and Flanagan, J. W. and Kibayashi, A. and Learned, J. G. and Matsuno, S. and Stenger, V. J. and Takemori, D. and Ishii, T. and Kanzaki, J. and Kobayashi, T. and Mine, S. and Nakamura, K. and Nishikawa, K. and Oyama, Y. and Sakai, A. and Sakuda, M. and Sasaki, O. and Echigo, S. and Kohama, M. and Suzuki, A. T. and Haines, T. J. and Blaufuss, E. and Kim, B. K. and Sanford, R. and Svoboda, R. and Chen, M. L. and Conner, Z. and Goodman, J. A. and Sullivan, G. W. and Hill, J. and Jung, C. K. and Martens, K. and Mauger, C. and McGrew, C. and Sharkey, E. and Viren, B. and Yanagisawa, C. and Doki, W. and Miyano, K. and Okazawa, H. and Saji, C. and Takahata, M. and Nagashima, Y. and Takita, M. and Yamaguchi, T. and Yoshida, M. and Kim, S. B. and Etoh, M. and Fujita, K. and Hasegawa, A. and Hasegawa, T. and Hatakeyama, S. and Iwamoto, T. and Koga, M. and Maruyama, T. and Ogawa, H. and Shirai, J. and Suzuki, A. and Tsushima, F. and Koshiba, M. and Nemoto, M. and Nishijima, K. and Futagami, T. and Hayato, Y. and Kanaya, Y. and Kaneyuki, K. and Watanabe, Y. and Kielczewska, D. and Doyle, R. A. and George, J. S. and Stachyra, A. L. and Wai, L. L. and Wilkes, R. J. and Young, K. K.},
  collaboration = {Super-Kamiokande Collaboration},
  journal = {Phys. Rev. Lett.},
  volume = {81},
  issue = {8},
  pages = {1562--1567},
  numpages = {0},
  year = {1998},
  month = {Aug},
  publisher = {American Physical Society},
  doi = {10.1103/PhysRevLett.81.1562},
  url = {https://link.aps.org/doi/10.1103/PhysRevLett.81.1562}
}

@article{PhysRevLett.13.585,
  title = {Global Conservation Laws and Massless Particles},
  author = {Guralnik, G. S. and Hagen, C. R. and Kibble, T. W. B.},
  journal = {Phys. Rev. Lett.},
  volume = {13},
  issue = {20},
  pages = {585--587},
  numpages = {0},
  year = {1964},
  month = {Nov},
  publisher = {American Physical Society},
  doi = {10.1103/PhysRevLett.13.585},
  url = {https://link.aps.org/doi/10.1103/PhysRevLett.13.585}
}

@article{PhysRevLett.13.508,
  title = {Broken Symmetries and the Masses of Gauge Bosons},
  author = {Higgs, Peter W.},
  journal = {Phys. Rev. Lett.},
  volume = {13},
  issue = {16},
  pages = {508--509},
  numpages = {0},
  year = {1964},
  month = {Oct},
  publisher = {American Physical Society},
  doi = {10.1103/PhysRevLett.13.508},
  url = {https://link.aps.org/doi/10.1103/PhysRevLett.13.508}
}

@article{PhysRevLett.13.321,
  title = {Broken Symmetry and the Mass of Gauge Vector Mesons},
  author = {Englert, F. and Brout, R.},
  journal = {Phys. Rev. Lett.},
  volume = {13},
  issue = {9},
  pages = {321--323},
  numpages = {0},
  year = {1964},
  month = {Aug},
  publisher = {American Physical Society},
  doi = {10.1103/PhysRevLett.13.321},
  url = {https://link.aps.org/doi/10.1103/PhysRevLett.13.321}
}

@book{perkins_2000, 
    place={Cambridge}, 
    edition={4}, 
    title={Introduction to High Energy Physics},
    DOI={10.1017/CBO9780511809040}, 
    publisher={Cambridge University Press}, 
    author={Perkins, Donald H.}, 
    year={2000}
}

@book{Burgess:2006hbd,
    author = "Burgess, C. P. and Moore, G. D.",
    title = "{The standard model: A primer}",
    isbn = "978-0-511-25485-7, 978-1-107-40426-7, 978-0-521-86036-9",
    publisher = "Cambridge University Press",
    month = "12",
    year = "2006"
}

@article{osti_4008239,
title = {THE EIGHTFOLD WAY: A THEORY OF STRONG INTERACTION SYMMETRY},
author = {Gell-Mann, M},
doi = {10.2172/4008239},
url = {https://www.osti.gov/biblio/4008239}, journal = {},
place = {United States},
year = {1961},
month = {3}
}

@article{Workman:2022ynf,
    author = "Workman, R. L. and Others",
    collaboration = "Particle Data Group",
    title = "{Review of Particle Physics}",
    doi = "10.1093/ptep/ptac097",
    journal = "PTEP",
    volume = "2022",
    pages = "083C01",
    year = "2022"
}

@article{Fritzsch:1973pi,
    author = "Fritzsch, H. and Gell-Mann, Murray and Leutwyler, H.",
    title = "{Advantages of the Color Octet Gluon Picture}",
    reportNumber = "CALT-68-409",
    doi = "10.1016/0370-2693(73)90625-4",
    journal = "Phys. Lett. B",
    volume = "47",
    pages = "365--368",
    year = "1973"
}

@article{PhysRevLett.30.1343,
  title = {Ultraviolet Behavior of Non-Abelian Gauge Theories},
  author = {Gross, David J. and Wilczek, Frank},
  journal = {Phys. Rev. Lett.},
  volume = {30},
  issue = {26},
  pages = {1343--1346},
  numpages = {0},
  year = {1973},
  month = {Jun},
  publisher = {American Physical Society},
  doi = {10.1103/PhysRevLett.30.1343},
  url = {https://link.aps.org/doi/10.1103/PhysRevLett.30.1343}
}

@article{PhysRevLett.30.1346,
  title = {Reliable Perturbative Results for Strong Interactions?},
  author = {Politzer, H. David},
  journal = {Phys. Rev. Lett.},
  volume = {30},
  issue = {26},
  pages = {1346--1349},
  numpages = {0},
  year = {1973},
  month = {Jun},
  publisher = {American Physical Society},
  doi = {10.1103/PhysRevLett.30.1346},
  url = {https://link.aps.org/doi/10.1103/PhysRevLett.30.1346}
}

@inbook{Zweig:1964jf,
    author = "Zweig, G.",
    editor = "Lichtenberg, D. B. and Rosen, Simon Peter",
    title = "{An SU(3) model for strong interaction symmetry and its breaking. Version 2}",
    booktitle = "{DEVELOPMENTS IN THE QUARK THEORY OF HADRONS. VOL. 1. 1964 - 1978}",
    reportNumber = "CERN-TH-412, NP-14146, PRINT-64-170",
    pages = "22--101",
    month = "2",
    year = "1964"
}

@article{Gell-Mann:1964ewy,
    author = "Gell-Mann, Murray",
    title = "{A Schematic Model of Baryons and Mesons}",
    doi = "10.1016/S0031-9163(64)92001-3",
    journal = "Phys. Lett.",
    volume = "8",
    pages = "214--215",
    year = "1964"
}

@techreport{LHCb-FIGURE-2021-001-report,
      title         = "{List of hadrons observed at the LHC}",
      author        = "Patrick Koppenburg",
      collaboration = "LHCb collaboration",
      month         = "Mar",
      year          = "2021",
      number        = "LHCb-FIGURE-2021-001",
      howpublished  = "\href{https://cds.cern.ch/record/2749030}{LHCb-FIGURE-2021-001}",
      note          = "See {\href{https://www.nikhef.nl/~pkoppenb/particles.html}{2022 update online}}",
      url           = "https://cds.cern.ch/record/2693187",
}

@article{Mathieu:2008me,
    author = "Mathieu, Vincent and Kochelev, Nikolai and Vento, Vicente",
    title = "{The Physics of Glueballs}",
    eprint = "0810.4453",
    archivePrefix = "arXiv",
    primaryClass = "hep-ph",
    doi = "10.1142/S0218301309012124",
    journal = "Int. J. Mod. Phys. E",
    volume = "18",
    pages = "1--49",
    year = "2009"
}

@article{Fuks:2021xje,
    author = "Fuks, Benjamin and Hagiwara, Kaoru and Ma, Kai and Zheng, Ya-Juan",
    title = "{Signatures of toponium formation in LHC run 2 data}",
    eprint = "2102.11281",
    archivePrefix = "arXiv",
    primaryClass = "hep-ph",
    reportNumber = "KEK-TH-2304",
    doi = "10.1103/PhysRevD.104.034023",
    journal = "Phys. Rev. D",
    volume = "104",
    number = "3",
    pages = "034023",
    year = "2021"
}

@article{RevModPhys.90.015003,
  title = {Nonstandard heavy mesons and baryons: Experimental evidence},
  author = {Olsen, Stephen Lars and Skwarnicki, Tomasz and Zieminska, Daria},
  journal = {Rev. Mod. Phys.},
  volume = {90},
  issue = {1},
  pages = {015003},
  numpages = {58},
  year = {2018},
  month = {Feb},
  publisher = {American Physical Society},
  doi = {10.1103/RevModPhys.90.015003},
  url = {https://link.aps.org/doi/10.1103/RevModPhys.90.015003}
}

@article{Lansberg:2019adr,
    author = "Lansberg, Jean-Philippe",
    title = "{New Observables in Inclusive Production of Quarkonia}",
    eprint = "1903.09185",
    archivePrefix = "arXiv",
    primaryClass = "hep-ph",
    doi = "10.1016/j.physrep.2020.08.007",
    journal = "Phys. Rept.",
    volume = "889",
    pages = "1--106",
    year = "2020"
}

@article{E598:1974sol,
    author = "Aubert, J. J. and others",
    collaboration = "E598",
    title = "{Experimental Observation of a Heavy Particle $J$}",
    reportNumber = "COO-3069-271",
    doi = "10.1103/PhysRevLett.33.1404",
    journal = "Phys. Rev. Lett.",
    volume = "33",
    pages = "1404--1406",
    year = "1974"
}

@article{SLAC-SP-017:1974ind,
    author = "Augustin, J. E. and others",
    collaboration = "SLAC-SP-017",
    title = "{Discovery of a Narrow Resonance in $e^+ e^-$ Annihilation}",
    reportNumber = "SLAC-PUB-1504, LBL-3391",
    doi = "10.1103/PhysRevLett.33.1406",
    journal = "Phys. Rev. Lett.",
    volume = "33",
    pages = "1406--1408",
    year = "1974"
}

@article{E288:1977xhf,
    author = "Herb, S. W. and others",
    collaboration = "E288",
    title = "{Observation of a Dimuon Resonance at 9.5-GeV in 400-GeV Proton-Nucleus Collisions}",
    reportNumber = "FERMILAB-PUB-77-58-EXP, FERMILAB-PUB-77-058-E, PRINT-77-0640 (COLUMBIA)",
    doi = "10.1103/PhysRevLett.39.252",
    journal = "Phys. Rev. Lett.",
    volume = "39",
    pages = "252--255",
    year = "1977"
}

@article{ATLAS:2015vss,
    author = "Aad, Georges and others",
    collaboration = "ATLAS",
    title = "{Search for Higgs and Z Boson Decays to J/\ensuremath{\psi}\ensuremath{\gamma} and $\Upsilon$(nS)\ensuremath{\gamma} with the ATLAS Detector}",
    eprint = "1501.03276",
    archivePrefix = "arXiv",
    primaryClass = "hep-ex",
    reportNumber = "CERN-PH-EP-2014-294",
    doi = "10.1103/PhysRevLett.114.121801",
    journal = "Phys. Rev. Lett.",
    volume = "114",
    number = "12",
    pages = "121801",
    year = "2015"
}

@article{Matsui:1986dk,
    author = "Matsui, T. and Satz, H.",
    title = "{$J/\psi$ Suppression by Quark-Gluon Plasma Formation}",
    reportNumber = "BNL-38344",
    doi = "10.1016/0370-2693(86)91404-8",
    journal = "Phys. Lett. B",
    volume = "178",
    pages = "416--422",
    year = "1986"
}

@article{Wolschin:2016oua,
    author = "Wolschin, Georg",
    editor = "Akiba, Y. and Esumi, S. and Fukushima, K. and Hamagaki, H. and Hatsuda, T. and Hirano, T. and Shigaki, K.",
    title = "{Upsilon suppression in the QGP at the LHC}",
    doi = "10.1016/j.nuclphysa.2016.01.043",
    journal = "Nucl. Phys. A",
    volume = "956",
    pages = "729--732",
    year = "2016"
}

@article{CMS:2013jru,
    author = "Chatrchyan, Serguei and others",
    collaboration = "CMS",
    title = "{Observation of a Peaking Structure in the $J/\psi \phi$ Mass Spectrum from $B^{\pm} \to J/\psi \phi K^{\pm}$ Decays}",
    eprint = "1309.6920",
    archivePrefix = "arXiv",
    primaryClass = "hep-ex",
    reportNumber = "CMS-BPH-11-026, CERN-PH-EP-2013-167",
    doi = "10.1016/j.physletb.2014.05.055",
    journal = "Phys. Lett. B",
    volume = "734",
    pages = "261--281",
    year = "2014"
}

@article{LHCb:2021vvq,
    author = "Aaij, Roel and others",
    collaboration = "LHCb",
    title = "{Observation of an exotic narrow doubly charmed tetraquark}",
    eprint = "2109.01038",
    archivePrefix = "arXiv",
    primaryClass = "hep-ex",
    reportNumber = "CERN-EP-2021-165, LHCb-PAPER-2021-031",
    doi = "10.1038/s41567-022-01614-y",
    journal = "Nature Phys.",
    volume = "18",
    number = "7",
    pages = "751--754",
    year = "2022"
}

@article{LHCb:2021uow,
    author = "Aaij, Roel and others",
    collaboration = "LHCb",
    title = "{Observation of New Resonances Decaying to $J/\psi K^+$+ and $J/\psi \phi$}",
    eprint = "2103.01803",
    archivePrefix = "arXiv",
    primaryClass = "hep-ex",
    reportNumber = "LHCb-PAPER-2020-044, CERN-EP-2021-025",
    doi = "10.1103/PhysRevLett.127.082001",
    journal = "Phys. Rev. Lett.",
    volume = "127",
    number = "8",
    pages = "082001",
    year = "2021"
}

@article{Collins:1989gx,
    author = "Collins, John C. and Soper, Davison E. and Sterman, George F.",
    title = "{Factorization of Hard Processes in QCD}",
    eprint = "hep-ph/0409313",
    archivePrefix = "arXiv",
    reportNumber = "ITP-SB-89-31",
    doi = "10.1142/9789814503266_0001",
    journal = "Adv. Ser. Direct. High Energy Phys.",
    volume = "5",
    pages = "1--91",
    year = "1989"
}

@article{NNPDF:2017mvq,
    author = "Ball, Richard D. and others",
    collaboration = "NNPDF",
    title = "{Parton distributions from high-precision collider data}",
    eprint = "1706.00428",
    archivePrefix = "arXiv",
    primaryClass = "hep-ph",
    reportNumber = "EDINBURGH-2017-08, NIKHEF-2017-006, OUTP-17-04P, TIF-UNIMI-2017-3, CAVENDISH-HEP-17-06, CERN-TH-2017-077, Edinburgh 2017/08,
  Nikhef/2017-006, OUTP-17-04P,TIF-UNIMI-2017-3",
    doi = "10.1140/epjc/s10052-017-5199-5",
    journal = "Eur. Phys. J. C",
    volume = "77",
    number = "10",
    pages = "663",
    year = "2017"
}

@article{gaunt2010double,
  title={Double parton distributions incorporating perturbative QCD evolution and momentum and quark number sum rules},
  author={Gaunt, Jonathan R and James Stirling, W},
  journal={Journal of High Energy Physics},
  volume={2010},
  number={3},
  pages={1--40},
  year={2010},
  publisher={Springer}
}

@article{Luszczak:2011zp,
    author = "Luszczak, Marta and Maciula, Rafal and Szczurek, Antoni",
    title = "{Production of two $c \bar c$ pairs in double-parton scattering}",
    eprint = "1111.3255",
    archivePrefix = "arXiv",
    primaryClass = "hep-ph",
    doi = "10.1103/PhysRevD.85.094034",
    journal = "Phys. Rev. D",
    volume = "85",
    pages = "094034",
    year = "2012"
}

@article{ATLAS:2018zbr,
    author = "Aaboud, Morad and others",
    collaboration = "ATLAS",
    title = "{Study of the hard double-parton scattering contribution to inclusive four-lepton production in $pp$ collisions at $\sqrt s=$ 8 TeV with the ATLAS detector}",
    eprint = "1811.11094",
    archivePrefix = "arXiv",
    primaryClass = "hep-ex",
    reportNumber = "CERN-EP-2018-274",
    doi = "10.1016/j.physletb.2019.01.062",
    journal = "Phys. Lett. B",
    volume = "790",
    pages = "595--614",
    year = "2019"
}

@article{afs1987double,
  title={Double parton scattering in pp collisions at $\sqrt{s}= 63$ GeV},
  author={AFS collaboration and others},
  journal={Z. Phys. C},
  volume={34},
  pages={163},
  year={1987}
}

@article{alitti1991study,
  title={A study of multi-jet events at the CERN pp collider and a search for double parton scattering},
  author={Alitti, J and Ambrosini, G and Ansari, R and Autiero, D and Bareyre, P and Bertram, IA and Blaylock, G and Bonamy, P and Borer, K and Bourliaud, M and others},
  journal={Physics Letters B},
  volume={268},
  number={1},
  pages={145--154},
  year={1991},
  publisher={Elsevier}
}

@article{abe1993study,
  title={Study of four-jet events and evidence for double parton interactions in pp collisions at $\sqrt{s}=$ 1.8 TeV},
  author={Abe, F and Albrow, M and Amidei, D and Anway-Wiese, C and Apollinari, G and Atac, M and Auchincloss, P and Azzi, P and Baden, AR and Bacchetta, N and others},
  journal={Physical Review D},
  volume={47},
  number={11},
  pages={4857},
  year={1993},
  publisher={APS}
}

@article{cdf1997double,
  title={Double parton scattering in pp collisions at $\sqrt{s}= 1.8$ TeV},
  author={CDF collaboration and others},
  journal={Phys. Rev. D},
  volume={56},
  pages={3811},
  year={1997}
}

@article{abazov2010double,
  title={Double parton interactions in $\gamma$+ 3 jet events in pp collisions at $\sqrt{s}= 1.96$ TeV},
  author={Abazov, VM and Abbott, B and Abolins, M and Acharya, BS and Adams, M and Adams, T and Aguilo, E and Alexeev, GD and Alkhazov, G and Alton, A and others},
  journal={Physical Review D},
  volume={81},
  number={5},
  pages={052012},
  year={2010},
  publisher={APS}
}

@article{aaij2012observation,
  title={Observation of double charm production involving open charm in pp collisions at $\sqrt{s}=7$ TeV},
  author={Aaij, Roel and Abellan Beteta, C and Adeva, B and Adinolfi, M and Adrover, C and Affolder, A and Ajaltouni, Z and Albrecht, J and Alessio, F and Alexander, M and others},
  journal={Journal of High Energy Physics},
  volume={2012},
  number={6},
  pages={1--36},
  year={2012},
  publisher={Springer}
}

@article{aad2013measurement,
  title={Measurement of hard double-parton interactions in $W (\rightarrow l\nu)$ plus 2-jet events at $\sqrt{s}= 7$ TeV with the ATLAS detector},
  author={Aad, Georges and Abajyan, Tatevik and Abbott, Brad and Abdallah, Jalal and Khalek, S Abdel and Abdelalim, AA and Aben, R and Abi, B and Abolins, M and AbouZeid, OS and others},
  journal={New Journal of Physics},
  volume={15},
  pages={033038},
  year={2013},
  publisher={IOP Publishing}
}

@article{chatrchyan2014study,
  title={Study of double parton scattering using W + 2-jet events in proton-proton collisions at $\sqrt{s}= 7$ TeV},
  author={Chatrchyan, Serguei and Khachatryan, Vardan and Sirunyan, Albert M and Tumasyan, Armen and Adam, Wolfgang and Bergauer, Thomas and Dragicevic, Marko and Er{\"o}, Janos and Fabjan, Christian and Friedl, Markus and others},
  journal={Journal of High Energy Physics},
  volume={2014},
  number={3},
  pages={1--45},
  year={2014},
  publisher={Springer}
}

@article{aaboud2016study,
  title={Study of hard double-parton scattering in four-jet events in pp collisions at $\sqrt{s}= 7$ TeV with the ATLAS experiment},
  author={Aaboud, Morad and Aad, G and Abbott, B and Abdallah, J and Abeloos, Baptiste and Aben, Rosemarie and AbouZeid, OS and Abraham, NL and Abramowicz, Halina and Abreu, Henso and others},
  journal={Journal of High Energy Physics},
  volume={2016},
  number={11},
  pages={1--52},
  year={2016},
  publisher={Springer}
}

@article{abazov2014double,
  title={Double parton interactions in $\gamma$+ 3 jet and $\gamma$+ b/c jet+ 2 jet events in pp collisions at $\sqrt{s}= 1.96$ TeV},
  author={Abazov, Victor Mukhamedovich and Abbott, B and Acharya, BS and Adams, M and Adams, T and Agnew, JP and Alexeev, GD and Alkhazov, G and Alton, A and Askew, A and others},
  journal={Physical Review D},
  volume={89},
  number={7},
  pages={072006},
  year={2014},
  publisher={APS}
}

@article{alconada2015observation,
  title={Observation and measurements of the production of prompt and non-prompt J/$\psi$ mesons in association with a Z boson in pp collisions at$\sqrt{s}= 8$ TeV with the ATLAS detector},
  author={Alconada Verzini, Mar{\'\i}a Josefina and Alonso, Francisco and Anduaga, Xabier Sebasti{\'a}n and Dova, Mar{\'\i}a Teresa and Monticelli, Fernando Gabriel and Tripiana, Mart{\'\i}n Fernando and Wahlberg, Hern{\'a}n Pablo and Arduh, Francisco Anuar and ATLAS Collaboration and others},
  journal={The European Physical Journal C},
  volume={75},
  year={2015}
}

@article{aaij2016production,
  title={Production of associated $\Upsilon$ and open charm hadrons in pp collisions at $\sqrt{s} = 7$ and $8$ TeV via double parton scattering},
  author={Aaij, Roel and Abell{\'a}n Beteta, C and Adeva, B and Adinolfi, M and Affolder, A and Ajaltouni, Z and Akar, S and Albrecht, J and Alessio, F and Alexander, M and others},
  journal={Journal of High Energy Physics},
  volume={2016},
  number={7},
  pages={1--36},
  year={2016},
  publisher={Springer}
}

@article{abazov2016study,
  title={Study of double parton interactions in diphoton+ dijet events in pp collisions at $\sqrt{s}= 1.96$ TeV},
  author={Abazov, Victor Mukhamedovich and Abbott, B and Acharya, BS and Adams, M and Adams, T and Agnew, JP and Alexeev, GD and Alkhazov, G and Alton, A and Askew, A and others},
  journal={Physical Review D},
  volume={93},
  number={5},
  pages={052008},
  year={2016},
  publisher={APS}
}

@article{aaij2017measurement,
  title={Measurement of the J/$\psi$ pair production cross-section in pp collisions at $\sqrt{s}= 13$ TeV},
  author={Aaij, Roel and Adeva, B and Adinolfi, M and Ajaltouni, Z and Akar, S and Albrecht, J and Alessio, F and Alexander, M and Ali, S and Alkhazov, G and others},
  journal={Journal of High Energy Physics},
  volume={2017},
  number={6},
  pages={1--38},
  year={2017},
  publisher={Springer}
}

@article{sirunyan2018constraints,
  title={Constraints on the double-parton scattering cross section from same-sign W boson pair production in proton-proton collisions at $\sqrt{s} = 8$ TeV},
  author={Sirunyan, Albert M and Tumasyan, Armen and Adam, Wolfgang and Ambrogi, Federico and Asilar, Ece and Bergauer, Thomas and Brandstetter, Johannes and Brondolin, Erica and Dragicevic, Marko and Er{\"o}, Janos and others},
  journal={Journal of High Energy Physics},
  volume={2018},
  number={2},
  pages={1--38},
  year={2018},
  publisher={Springer}
}

@article{abazov2014observation,
  title={Observation and studies of double J/$\psi$ production at the Tevatron},
  author={Abazov, Victor Mukhamedovich and Abbott, B and Acharya, BS and Adams, M and Adams, T and Agnew, JP and Alexeev, GD and Alkhazov, G and Alton, A and Askew, A and others},
  journal={Physical Review D},
  volume={90},
  number={11},
  pages={111101},
  year={2014},
  publisher={APS}
}

@article{abazov2016evidence,
  title={Evidence for simultaneous production of J/$\psi$ and $\Upsilon$ mesons},
  author={Abazov, Victor Mukhamedovich and Abbott, B and Acharya, BS and Adams, M and Adams, T and Agnew, JP and Alexeev, GD and Alkhazov, G and Alton, A and Askew, A and others},
  journal={Physical review letters},
  volume={116},
  number={8},
  pages={082002},
  year={2016},
  publisher={APS}
}

@article{atlas2017measurement,
  title={Measurement of the prompt J/$\psi$ pair production cross-section in pp collisions at $\sqrt{s}= 8$ TeV with the ATLAS detector},
  author={ATLAS Collaboration and others},
  journal={The European Physical Journal C},
  volume={77},
  number={2},
  pages={76},
  year={2017},
  publisher={Springer}
}

@article{khachatryan2017observation,
  title={Observation of $\Upsilon$(1S) pair production in proton-proton collisions at $\sqrt{s} = 8$ TeV},
  author={Khachatryan, Vardan and Sirunyan, Albert M and Tumasyan, Armen and Adam, Wolfgang and Asilar, E and Bergauer, Thomas and Brandstetter, Johannes and Brondolin, Erica and Dragicevic, Marko and Er{\"o}, Janos and others},
  journal={Journal of high energy physics},
  volume={2017},
  number={5},
  pages={1--34},
  year={2017},
  publisher={Springer}
}

@article{Berezhnoy:2015jga,
    author = "Berezhnoy, A. V. and Likhoded, A. K.",
    title = "{Associated production of $\Upsilon$ and open charm at LHC}",
    eprint = "1503.04445",
    archivePrefix = "arXiv",
    primaryClass = "hep-ph",
    doi = "10.1142/S0217751X15501250",
    journal = "Int. J. Mod. Phys. A",
    volume = "30",
    number = "20",
    pages = "1550125",
    year = "2015"
}

@article{rutherford1908electrical,
  title={An electrical method of counting the number of $\alpha$-particles from radio-active substances},
  author={Rutherford, Ernest and Geiger, Hans},
  journal={Proceedings of the Royal Society of London. Series A, Containing Papers of a Mathematical and Physical Character},
  volume={81},
  number={546},
  pages={141--161},
  year={1908},
  publisher={The Royal Society London}
}

@book{peskov2018resistive,
  title={Resistive gaseous detectors: designs, performance, and perspectives},
  author={Peskov, Vladimir and Abbrescia, Marcello and Fonte, Paulo},
  year={2018},
  publisher={John Wiley \& Sons}
}

@book{knoll2010radiation,
  title={Radiation detection and measurement},
  author={Knoll, Glenn F},
  year={2010},
  publisher={John Wiley \& Sons}
}

@techreport{o1961detection,
  title={Detection and measurement of nuclear radiation},
  author={O'kelley, GD},
  year={1961},
  institution={Oak Ridge National Lab.}
}

@book{sauli2015gaseous,
  title={Gaseous radiation detectors: fundamentals and applications},
  author={Sauli, Fabio},
  year={2015},
  publisher={Cambridge University Press}
}

@article{fukui1959new,
  title={A new type of particle detector: the {\guillemotleft}discharge charmber{\guillemotright}},
  author={Fukui, Shuji and Miyamoto, S},
  journal={Il Nuovo Cimento (1955-1965)},
  volume={11},
  number={1},
  pages={113--115},
  year={1959},
  publisher={Springer}
}

@article{Charpak:1968kd,
    author = "Charpak, Georges and Bouclier, R. and Bressani, T. and Favier, J. and Zupancic, C.",
    title = "{The Use of Multiwire Proportional Counters to Select and Localize Charged Particles}",
    doi = "10.1016/0029-554X(68)90371-6",
    journal = "Nucl. Instrum. Meth.",
    volume = "62",
    pages = "262--268",
    year = "1968"
}

@misc{wiki:wire,
 author  = "Wikimedia Commons",
 title   = "Wire chamber schematic",
 year    = "2005",
 urlseen = "29-11-2022",
 url     = "https://commons.wikimedia.org/wiki/File:Wire_chamber_schematic.svg",
 note    = "File:Wire\_chamber\_schematic.svg",
}

@article{PARKHOMCHUCK1971269,
title = {A spark counter with large area},
journal = {Nuclear Instruments and Methods},
volume = {93},
number = {2},
pages = {269-270},
year = {1971},
issn = {0029-554X},
doi = {https://doi.org/10.1016/0029-554X(71)90475-7},
url = {https://www.sciencedirect.com/science/article/pii/0029554X71904757},
author = {V.V. Parkhomchuck and Yu.N. Pestov and N.V. Petrovykh},
}

@article{santonico1981development,
  title={Development of resistive plate counters},
  author={Santonico, R and Cardarelli, R},
  journal={Nuclear Instruments and Methods in physics research},
  volume={187},
  number={2-3},
  pages={377--380},
  year={1981},
  publisher={Elsevier}
}

@article{Deppner:2016yku,
    author = {Deppner, I. and Herrmann, N. and Fr\"uhauf, J. and Ki\v{s}, M. and Lyu, P. and Loizeau, P. -A. and Shi, L. and Simon, C. and Wang, Y. and Xie, B.},
    title = "{Performance studies of MRPC prototypes for CBM}",
    eprint = "1606.04917",
    archivePrefix = "arXiv",
    primaryClass = "physics.ins-det",
    doi = "10.1088/1748-0221/11/10/C10006",
    journal = "JINST",
    volume = "11",
    number = "10",
    pages = "C10006",
    year = "2016"
}

@article{Mondal:2018eov,
    author = "Mondal, Suryanarayan and Datar, V. M. and Majumder, Gobinda and Mondal, N. K. and Ravindran, K. C. and Satyanarayana, B.",
    title = "{Leak Test of Resistive Plate Chamber Gap by Monitoring Absolute Pressure}",
    eprint = "1812.00277",
    archivePrefix = "arXiv",
    primaryClass = "physics.ins-det",
    doi = "10.1088/1748-0221/14/04/P04009",
    journal = "JINST",
    volume = "14",
    number = "04",
    pages = "P04009",
    year = "2019"
}

@article{Santonico:1988qi,
    author = "Santonico, R. and Cardarelli, R. and Di Biagio, A. and Lucci, A.",
    title = "{Progress in Resistive Plate Counters}",
    doi = "10.1016/0168-9002(88)91011-X",
    journal = "Nucl. Instrum. Meth. A",
    volume = "263",
    pages = "20--25",
    year = "1988"
}

@article{Guida:2022pyg,
    author = "Guida, R. and Mandelli, B. and Rigoletti, G.",
    title = "{Studies on alternative eco-friendly gas mixtures and development of gas recuperation plant for RPC detectors}",
    doi = "10.1016/j.nima.2022.167045",
    journal = "Nucl. Instrum. Meth. A",
    volume = "1039",
    pages = "167045",
    year = "2022"
}

@article{Corbetta:2020esl,
    author = "Corbetta, M. and Guida, R. and Mandelli, B. and Rigoletti, G.",
    editor = "Liberti, Barbara and Paoloni, Alessandro and Camarri, Paolo",
    title = "{Gas R\&D on gas recirculation and recuperation for the Resistive Plate Chamber detectors}",
    doi = "10.1088/1748-0221/15/10/C10028",
    journal = "JINST",
    volume = "15",
    number = "10",
    pages = "C10028",
    year = "2020"
}

@article{Francke:2002wq,
    author = "Francke, T. and Fonte, P. and Peskov, V. and Rantanen, J.",
    editor = "Fonte, P. and Fraga, M. and Ratti, S. P. and Santonico, R.",
    title = "{Potential of RPCs for tracking}",
    eprint = "physics/0206039",
    archivePrefix = "arXiv",
    reportNumber = "LIP-02-01",
    doi = "10.1016/S0168-9002(03)01282-8",
    journal = "Nucl. Instrum. Meth. A",
    volume = "508",
    pages = "83--87",
    year = "2003"
}

@phdthesis{Shopova:2626243,
      author        = "Shopova, Mariana Filipova",
      title         = "Performance of the CMS RPC system – from LS1 upgrade to
                       RUN2 at LHC",
      year          = "2018",
      url           = "https://cds.cern.ch/record/2626243",
      note          = "Presented at 12 Jun 2018",
}

@techreport{Abbrescia:687074,
      author        = "Abbrescia, Marcello and Arena, Vincenzo and Bonomi,
                       Germano and Braj, A and Colaleo, Anna and Gianini, Gabriele
                       and Iaselli, Giuseppe and Liguori, G and Maggi, Marcello
                       and Marangelli, Bartolomeo and Natali, Sergio and Nuzzo,
                       Salvatore and Ranieri, Antonio and Ratti, Sergio P and
                       Riccardi, Cristina and Romano, Francesco",
      title         = "{Effect of the Linseed Oil Treatment on the Performance of
                       the Resistive Plate Counters}",
      institution   = "CERN",
      reportNumber  = "CMS-NOTE-1997-018",
      address       = "Geneva",
      year          = "1997",
      url           = "http://cds.cern.ch/record/687074",
}

@article{Lu:2009zzd,
    author = "Lu, Changguo",
    editor = "Mondal, Naba K. and Ratti, Sergio P. and Santonico, Rinaldo",
    title = "{RPC electrode material study}",
    doi = "10.1016/j.nima.2008.12.225",
    journal = "Nucl. Instrum. Meth. A",
    volume = "602",
    pages = "761--765",
    year = "2009"
}

@article{Costantini:1477020,
      author        = "Costantini, S. and Beernaert, K. and Cimmino, A. and
                       Garcia, G. and Lellouch, J. and Marinov, A. and Ocampo, A.
                       and Strobbe, N. and Thyssen, F. and Tytgat, M. and
                       Verwilligen, P. and Yazgan, E. and Zaganidis, N. and
                       Dimitrov, A. and Hadjiiska, R. and Litov, L. and Pavlov, B.
                       and Petkov, P. and Aleksandrov, A. and Genchev, V. and
                       Iaydjiev, P. and Rodozov, M. and Shopova, M. and Sultanov,
                       G. and Ban, Y. and Cai, J. and Ge, Y. and Li, Q. and Qian,
                       S. and Xue, Z. and Avila, C. and Chaparro, L.F. and Gomez,
                       J.P. and Gomez Moreno, B. and Osorio Oliveros, A.F. and
                       Sanabria, J.C. and Assran, Y. and Sharma, A. and Abbrescia,
                       M. and Calabria, C. and Colaleo, A. and Loddo, F. and
                       Maggi, M. and Pugliese, G. and Benussi, L. and Bianco, S.
                       and Colafranceschi, S. and Piccolo, D. and Buontempo, S.
                       and Carrillo, C. and Iorio, O. and Paolucci, P. and
                       Berzano, U. and Gabusi, M. and Vitulo, P. and Kang, M. and
                       Lee, K.S. and Park, S.K. and Shin, S. and Choi, Y. and Goh,
                       J. and Kim, M.S. and Seo, H.",
      title         = "{Uniformity and Stability of the CMS RPC Detector at the
                       LHC. Calibration of the RPC working voltage in the CMS
                       experiment at the LHC}",
      archivePrefix = "arXiv",
      eprint        = "1209.1989",
      journal       = "JINST",
      volume        = "8",
      pages         = "P03017",
      year          = "2013",
      url           = "https://cds.cern.ch/record/1477020",
      note          = "preliminary entry",
      doi           = "10.1088/1748-0221/8/03/P03017",
}

@misc{CMSPublic:DPGRPC2016,
 author  = "{CMS RPC DPG}",
 title   = "RPC Endcap Chambers",
 year    = "2016",
 urlseen = "30-11-2022",
 url     = "https://twiki.cern.ch/twiki/bin/view/CMSPublic/RPCDPGResultsforVenice",
}

@inproceedings{guida2015gif++,
  title={{GIF++}: The new {CERN} Irradiation Facility to test large-area detectors for {HL-LHC}},
  author={Guida, R},
  booktitle={2015 IEEE Nuclear Science Symposium and Medical Imaging Conference (NSS/MIC)},
  pages={1--4},
  year={2015},
  organization={IEEE}
}

@article{Aly_2022,
doi = {10.1088/1748-0221/17/08/C08008},
url = {https://dx.doi.org/10.1088/1748-0221/17/08/C08008},
year = {2022},
month = {aug},
publisher = {IOP Publishing},
volume = {17},
number = {08},
pages = {C08008},
author = {R. Aly and on behalf of the CMS collaboration},
title = {Longevity study on the CMS resistive plate chambers for HL-LHC},
journal = {Journal of Instrumentation}
}

@misc{CMSPublic:DPGRPC2021,
 author  = "{CMS RPC DPG}",
 title   = "RPC DPG Results 2021",
 year    = "2021",
 urlseen = "30-11-2022",
 url     = "https://twiki.cern.ch/twiki/bin/view/CMSPublic/RPCDPGResultsRPC2021",
}

@article{Amarilo_2022,
doi = {10.1088/1742-6596/2374/1/012150},
url = {https://dx.doi.org/10.1088/1742-6596/2374/1/012150},
year = {2022},
month = {nov},
publisher = {IOP Publishing},
volume = {2374},
number = {1},
pages = {012150},
author = {Kevin Mota Amarilo and {on behalf of CMS Collaboration}},
title = {CMS RPC data taking during the LHC Run-2 and activities during Long Shutdown 2},
journal = {Journal of Physics: Conference Series},
}

@misc{CMSPublic:DPGRPC2022,
 author  = "{CMS RPC DPG}",
 title   = "RPC DPG Results 2022",
 year    = "2021",
 urlseen = "30-11-2022",
 url     = "https://twiki.cern.ch/twiki/bin/view/CMSPublic/RPCDPGResultsRPC2022",
}

@article{Arcidiacono:2005fr,
    author = "Arcidiacono, R. and others",
    title = "{CMS DCS design concepts}",
    journal = "Conf. Proc. C",
    volume = "051010",
    pages = "PO1.062--6",
    year = "2005"
}

@misc{CAENEASY,
 author  = "{CAEN}",
 title   = "CAEN solution for powering in hostile areas",
 year    = "2022",
 urlseen = "30-11-2022",
 url     = "https://www.caen.it/about-us/caen-solution-for-powering-in-hostile-areas/",
}

@misc{OPCFoundation,
 author  = "{OPC Foundation}",
 title   = "OPC Foundation Home Page",
 year    = "2022",
 urlseen = "30-11-2022",
 url     = "https://opcfoundation.org/",
}

@inproceedings{Barillere:2003fi,
    author = "Barillere, R. and Mico-Montava, F. and Pavis, S. and Rochez, J. and Stovin-Bradford, S. and Thomas, G.",
    title = "{LHC GCS: A homogeneous approach for the control of the LHC experiments gas systems}",
    booktitle = "{9th International Conference on Accelerator and Large Experimental Physics Control Systems (ICALEPCS 2003)}",
    pages = "57--59",
    month = "10",
    year = "2003"
}

@article{gutleber2002software,
  title={Software architecture for processing clusters based on I2O},
  author={Gutleber, Johannes and Orsini, Luciano},
  journal={Cluster Computing},
  volume={5},
  number={1},
  pages={55--64},
  year={2002},
  publisher={Springer}
}

@article{Polese:2010zz,
    author = "Polese, G. and Paolucci, P. and Gomez-Reino, R. and Viviani, C. and Shahzad, H. and Khurshid, T.",
    editor = "Gruntorad, Jan and Lokajicek, Milos",
    title = "{The detector control systems for the CMS resistive plate chamber}",
    doi = "10.1088/1742-6596/219/2/022019",
    journal = "J. Phys. Conf. Ser.",
    volume = "219",
    pages = "022019",
    year = "2010"
}

@article{Polese:2012zz,
    author = "Polese, G. and Paolucci, P. and Viviani, C. and Sharzad, H. and Khurshid, T.",
    editor = "Herrmann, Norbert and Santonico, Rinaldo and Ratti, Sergio P.",
    title = "{The commissioning and the first operational experiences of the CMS RPC detector control system at LHC}",
    doi = "10.1016/j.nima.2010.08.028",
    journal = "Nucl. Instrum. Meth. A",
    volume = "661",
    pages = "S23--S26",
    year = "2012"
}

@book{Layter:343814,
      author        = "Layter, J. G.",
      collaboration = "CMS",
      title         = "{The CMS muon project: Technical Design Report}",
      publisher     = "CERN",
      address       = "Geneva",
      series        = "Technical design report. CMS",
      year          = "1997",
      url           = "https://cds.cern.ch/record/343814",
}

@article{Weizheng:2014ifa,
    author = "Zhou, W. and Shao, M. and Li, C. and Chen, H. and Sun, Y. and Chen, T.",
    title = "{Monte Carlo simulation study of RPC-based 0.511 MeV photon detector with GEANT4}",
    doi = "10.1088/1748-0221/9/09/P09003",
    journal = "JINST",
    volume = "9",
    pages = "P09003",
    year = "2014"
}

@misc{https://doi.org/10.48550/arxiv.2211.16591,
  doi = {10.48550/ARXIV.2211.16591},
  url = {https://arxiv.org/abs/2211.16591},
  author = {Amarilo, K. Mota and Samalan, A. and Tytgat, M. and Sawy, M. El and Alves, G. A. and Marujo, F. and Coelho, E. A. and Da Costa, E. M. and Nogima, H. and Santoro, A. and De Souza, S. Fonseca and Damiao, D. De Jesus and Thiel, M. and Filho, M. Barroso Ferreira and Aleksandrov, A. and Hadjiiska, R. and Iaydjiev, P. and Rodozov, M. and Shopova, M. and Soultanov, G. and Dimitrov, A. and Litov, L. and Pavlov, B. and Petkov, P. and Petrov, A. and Shumka, E. and Qian, S. J. and Kou, H. and Liu, Z. -A. and Zhao, J. and Song, J. and Hou, Q. and Diao, W. and Cao, P. and Avila, C. and Barbosa, D. and Cabrera, A. and Florez, A. and Fraga, J. and Reyes, J. and Assran, Y. and Mahmoud, M. A. and Mohammed, Y. and Crotty, I. and Laktineh, I. and Grenier, G. and Gouzevitch, M. and Mirabito, L. and Shchablo, K. and Bagaturia, I. and Lomidze, I. and Tsamalaidze, Z. and Amoozegar, V. and Boghrati, B. and Ebraimi, M. and Najafabadi, M. Mohammadi and Zareian, E. and Abbrescia, M. and Iaselli, G. and Pugliese, G. and Loddo, F. and De Filippis, N. and Aly, R. and Ramos, D. and Elmetenawee, W. and Leszki, S. and Margjeka, I. and Paesani, D. and Benussi, L. and Bianco, S. and Piccolo, D. and Meola, S. and Buontempo, S. and Carnevali, F. and Lista, L. and Paolucci, P. and Fienga, F. and Braghieri, A. and Salvini, P. and Montagna, P. and Riccardi, C. and Vitulo, P. and Asilar, E. and Choi, J. and Kim, T. J. and Choi, S. Y. and Hong, B. and Lee, K. S. and Oh, H. Y. and Goh, J. and Yu, I. and Estrada, C. Uribe and Pedraza, I. and Castilla-Valdez, H. and Sanchez-Hernandez, A. and Fernandez, R. L. and Ramirez-Garcia, M. and Vazquez, E. and Shah, M. A. and Zaganidis, N. and Radi, A. and Hoorani, H. and Muhammad, S. and Ahmad, A. and Asghar, I. and Khan, W. A. and Eysermans, J. and De Araujo, F. Torres Da Silva},
  keywords = {Instrumentation and Detectors (physics.ins-det), FOS: Physical sciences, FOS: Physical sciences},
  title = {RPC based tracking system at CERN GIF++ facility},
  publisher = {arXiv},
  year = {2022},
  copyright = {Creative Commons Attribution 4.0 International}
}

@article{Lippmann:2003yb,
    author = "Lippmann, C. and Riegler, W.",
    title = "{Space charge effects in resistive plate chambers}",
    reportNumber = "CERN-EP-2003-026",
    doi = "10.1016/j.nima.2003.08.174",
    journal = "Nucl. Instrum. Meth. A",
    volume = "517",
    pages = "54--76",
    year = "2004"
}

@article{CMS:2021bxv,
    author = "Shchablo, K. and others",
    editor = "Liberti, Barbara and Paoloni, Alessandro and Camarri, Paolo",
    collaboration = "CMS",
    title = "{Front-end electronics for CMS iRPC detectors}",
    reportNumber = "CMS-CR-2020-098",
    doi = "10.1088/1748-0221/16/05/C05002",
    journal = "JINST",
    volume = "16",
    number = "05",
    pages = "C05002",
    year = "2021"
}

@article{GEANT4:2002zbu,
    author = "Agostinelli, S. and others",
    collaboration = "GEANT4",
    title = "{GEANT4--a simulation toolkit}",
    reportNumber = "SLAC-PUB-9350, FERMILAB-PUB-03-339, CERN-IT-2002-003",
    doi = "10.1016/S0168-9002(03)01368-8",
    journal = "Nucl. Instrum. Meth. A",
    volume = "506",
    pages = "250--303",
    year = "2003"
}

@article{Sjostrand:2014zea,
    author = {Sj\"ostrand, Torbj\"orn and Ask, Stefan and Christiansen, Jesper R. and Corke, Richard and Desai, Nishita and Ilten, Philip and Mrenna, Stephen and Prestel, Stefan and Rasmussen, Christine O. and Skands, Peter Z.},
    title = "{An introduction to PYTHIA 8.2}",
    eprint = "1410.3012",
    archivePrefix = "arXiv",
    primaryClass = "hep-ph",
    reportNumber = "LU-TP-14-36, MCNET-14-22, CERN-PH-TH-2014-190, FERMILAB-PUB-14-316-CD, DESY-14-178, SLAC-PUB-16122",
    doi = "10.1016/j.cpc.2015.01.024",
    journal = "Comput. Phys. Commun.",
    volume = "191",
    pages = "159--177",
    year = "2015"
}

@article{Lange:2001uf,
    author = "Lange, D. J.",
    editor = "Erhan, S. and Schlein, P. and Rozen, Y.",
    title = "{The EvtGen particle decay simulation package}",
    doi = "10.1016/S0168-9002(01)00089-4",
    journal = "Nucl. Instrum. Meth. A",
    volume = "462",
    pages = "152--155",
    year = "2001"
}

@article{Shao:2012iz,
    author = "Shao, Hua-Sheng",
    title = "{HELAC-Onia: An automatic matrix element generator for heavy quarkonium physics}",
    eprint = "1212.5293",
    archivePrefix = "arXiv",
    primaryClass = "hep-ph",
    doi = "10.1016/j.cpc.2013.05.023",
    journal = "Comput. Phys. Commun.",
    volume = "184",
    pages = "2562--2570",
    year = "2013"
}

@article{Shao:2015vga,
    author = "Shao, Hua-Sheng",
    title = "{HELAC-Onia 2.0: an upgraded matrix-element and event generator for heavy quarkonium physics}",
    eprint = "1507.03435",
    archivePrefix = "arXiv",
    primaryClass = "hep-ph",
    reportNumber = "CERN-PH-TH-2015-155",
    doi = "10.1016/j.cpc.2015.09.011",
    journal = "Comput. Phys. Commun.",
    volume = "198",
    pages = "238--259",
    year = "2016"
}

@article{CMS:2017sdi,
    collaboration = "CMS",
    author = "{CMS Collaboration}",
    title = "{CMS Luminosity Measurements for the 2016 Data Taking Period}",
    reportNumber = "CMS-PAS-LUM-17-001",
    year = "2017"
}

@article{CMS:2018elu,
    collaboration = "CMS",
    author = "{CMS Collaboration}",
    title = "{CMS luminosity measurement for the 2017 data-taking period at $\sqrt{s} = 13~\mathrm{TeV}$}",
    reportNumber = "CMS-PAS-LUM-17-004",
    year = "2018"
}

@article{CMS:2019jhq,
    collaboration = "CMS",
    author = "{CMS Collaboration}",
    title = "{CMS luminosity measurement for the 2018 data-taking period at $\sqrt{s} = 13~\mathrm{TeV}$}",
    reportNumber = "CMS-PAS-LUM-18-002",
    year = "2019"
}

@article{Fruhwirth:1991pm,
    author = "Fruhwirth, R. and Kubinec, P. and Mitaroff, W. and Regler, M.",
    title = "{Vertex reconstruction and track bundling at the LEP collider using robust algorithms}",
    doi = "10.1016/0010-4655(96)00040-9",
    journal = "Comput. Phys. Commun.",
    volume = "96",
    pages = "189--208",
    year = "1996"
}

@techreport{Speer:927395,
      author        = "Speer, Thomas and Prokofiev, Kirill and Frühwirth, R and
                       Waltenberger, Wolfgang and Vanlaer, Pascal",
      title         = "{Vertex Fitting in the CMS Tracker}",
      institution   = "CERN",
      reportNumber  = "CMS-NOTE-2006-032",
      address       = "Geneva",
      year          = "2006",
      url           = "https://cds.cern.ch/record/927395",
}

@article{ZEUS:2013fws,
    author = "Abramowicz, H. and others",
    collaboration = "ZEUS",
    title = "{Measurement of charm fragmentation fractions in photoproduction at HERA}",
    eprint = "1306.4862",
    archivePrefix = "arXiv",
    primaryClass = "hep-ex",
    reportNumber = "DESY-13-106",
    doi = "10.1007/JHEP09(2013)058",
    journal = "JHEP",
    volume = "09",
    pages = "058",
    year = "2013"
}